@STRING{AMS = {American Meteorological Society}}
@STRING{ESIP = {Earth Science Information Partners}}

@INPROCEEDINGS{10.1145/2792745.2792774,
  author =       {Stewart, Craig A. and Cockerill, Timothy M. and Foster, Ian and
                  Hancock, David and Merchant, Nirav and Skidmore, Edwin and
                  Stanzione, Daniel and Taylor, James and Tuecke, Steven and
                  Turner, George and Vaughn, Matthew and Gaffney, Niall I.},
  title =        {Jetstream: A Self-provisioned, Scalable Science and Engineering Cloud
                  Environment},
  booktitle =    {Proceedings of the 2015 XSEDE Conference: Scientific Advancements
                  Enabled by Enhanced Cyberinfrastructure},
  series =       {XSEDE '15},
  year =         {2015},
  isbn =         {978-1-4503-3720-5},
  location =     {St. Louis, Missouri, USA},
  pages =        {29:1--29:8},
  articleno =    {29},
  numpages =     {8},
  url =          {http://doi.acm.org/10.1145/2792745.2792774},
  doi =          {10.1145/2792745.2792774},
  acmid =        {2792774},
  publisher =    {ACM},
  address =      {New York, NY, USA},
  keywords =     {atmosphere, big data, cloud computing, long tail of science}
} 
@ARTICLE{10.1109/MCSE.2014.80,
  author =       {John Towns and Timothy Cockerill and Maytal Dahan and Ian
                  Foster and Kelly Gaither and Andrew Grimshaw and Victor
                  Hazlewood and Scott Lathrop and Dave Lifka and Gregory
                  D. Peterson and Ralph Roskies and J. Ray Scott and Nancy
                  Wilkins-Diehr},
  title =        {{XSEDE}: Accelerating Scientific Discovery},
  journal =      {Computing in Science \& Engineering},
  volume =       16,
  number =       5,
  issn =         {1521-9615},
  year =         2014,
  pages =        {62-74},
  doi =          {10.1109/MCSE.2014.80},
  publisher =    {IEEE Computer Society},
  address =      {Los Alamitos, CA, USA}
}
@TECHREPORT{Unidata2013,
  author =        {Ramamurthy, M. K.},
  title =         {Unidata 2018: Transforming Geoscience through Innovative Data
                  Services},
  institution =   {Unidata Program Center, UCAR Community Programs, University
                  Corporation for Atmospheric Research},
  address =       {3300 Mitchell Ln, Boulder, CO 80301 USA},
  month =         {October},
  year  =         {2013},
  author1_email = {mohan@ucar.edu},
  url   =         {https://www.unidata.ucar.edu/publications/Unidata_2018.pdf}
}
@CONFERENCE{Chastang2016,
  author =       {Chastang, J. and Fisher, W. and Arms, S.},
  title =        {UniCloud: Docker Use at Unidata},
  booktitle =    {Proceedings, 32nd Conference on Environmental Information Processing Technologies, 96th AMS Annual Meeting},
  year =         {2016},
  address =      {New Orleans, LA},
  month =        {January},
  organization = AMS,
  note =         {See also http://unidata.github.io/Unidata-Dockerfiles/index.html},
  keywords =     {UPC},
  owner =        {jchastang},
  timestamp =    {2016.01.20},
  url =          {https://ams.confex.com/ams/96Annual/webprogram/Paper287336.html}
}
@CONFERENCE{Ramamurthy2017,
  author =       {Ramamurthy, M. K. and Chastang J. and May, R. M. and James M.},
  title =        {Unidata and data-proximate analysis and visualization in the
                  cloud},
  year =         {2017},
  address =      {Bloomington, IN USA},
  month =        {July},
  organization = ESIP,
  note =         {See also http://science-gateway.unidata.ucar.edu},
  url =          {https://doi.org/10.6084/m9.figshare.5249839.v1},
  doi =          {10.6084/m9.figshare.5249839.v1}
}
@INBOOK{4be80a98eb09448fa2ef0e98ed52ad37,
  title =        "An overview of the {XSEDE} extended collaborative support
                  program",
  abstract =     "The Extreme Science and Engineering Discovery Environment
                  (XSEDE) is a flagship cyberinfrastructure project funded by
                  the US National Science Foundation (NSF). XSEDEâ€™s Extended
                  Collaborative Support Services (ECSS) program is a significant
                  component of the XSEDE effort, dedicated to extended
                  engagements with our user community which transform their
                  research. We describe the organization, operation and some
                  highlights of the program in this submission.",
  author =       "Nancy Wilkins-Diehr and Sergiu Sanielevici and Jay Alameda and
                  John Cazes and Lonnie Crosby and Marlon Pierce and Ralph
                  Roskies",
  year =         "2016",
  doi =          "10.1007/978-3-319-32243-8_1",
  isbn =         "9783319322421",
  volume =       "595",
  series =       "Communications in Computer and Information Science",
  publisher =    "Springer Verlag",
  pages =        "3--13",
  booktitle =    "High Performance Computer Applications - 6th International
                  Conference, ISUM 2015, Revised Selected Papers",
  address =      "Germany"
}
@CONFERENCE{Chastang2017a,
  author =       {Chastang, J. and Yoksas, T. and Ramamurthy, M. K.},
  title =        {Geoscientific Data Distribution in the {XSEDE} {Jetstream}
                  Cloud},
  booktitle =    {Proceedings, 33nd Conference on Environmental Information
                  Processing Technologies, 97th AMS Annual Meeting},
  year =         {2017},
  address =      {Seattle, WA USA},
  month =        {January},
  organization = AMS,
  note =         {See also http://science-gateway.unidata.ucar.edu},
  owner =        {jchastang},
  timestamp =    {2017.01.25},
  url =          {https://ams.confex.com/ams/97Annual/webprogram/Paper315508.html}
}
@CONFERENCE{Chastang2017b,
  author =       {Chastang, J. and Signell, R.},
  title =        {Met/Ocean Modeling Workflows on {XSEDE} via {HPC} \& Cloud},
  year =         {2017},
  address =      {Bloomington, IN USA},
  month =        {July},
  organization = ESIP,
  note =         {See also http://science-gateway.unidata.ucar.edu},
  url =          {https://doi.org/10.6084/m9.figshare.5249845.v1},
  doi =          {10.6084/m9.figshare.5249845.v1}
}
@MISC{Wilcox2015,
  title =        {Unidata THREDDS Docker Container},
  author =       {Wilcox K. and Chastang, J.},
  publisher =    {GitHub},
  journal =      {GitHub repository},
  howpublished = {\url{https://github.com/Unidata/thredds-docker/}},
  year =         {2015},
  url =          {https://github.com/Unidata/thredds-docker/}
}
@MISC{Chastang2016b,
  title =        {Unidata LDM Docker Container},
  author =       {Chastang, J.},
  publisher =    {GitHub},
  journal =      {GitHub repository},
  howpublished = {\url{https://github.com/Unidata/ldm-docker/}},
  year =         {2016},
  url =          {https://github.com/Unidata/ldm-docker/}
}
@MISC{Chastang2017c,
  title =        {Unidata on the {XSEDE} {Jetstream} Cloud},
  author =       {Chastang, J.},
  publisher =    {GitHub},
  journal =      {GitHub repository},
  howpublished = {\url{https://github.com/Unidata/xsede-jetstream/}},
  year =         {2017},
  url =          {https://github.com/Unidata/xsede-jetstream/}
}
@CONFERENCE{Chastang2017d,
  author =        {Chastang J. and Ramamurthy, M. K.},
  title =         {Unidata Science Gateway on the {XSEDE} {Jetstream} Cloud},
  booktitle =     {Gateways 2017},
  year =          {2017},
  address =       {Ann Arbor, Michigan, USA},
  month =         {Oct.~25-25},
  note =          {See also http://science-gateway.unidata.ucar.edu},
  url =           {https://doi.org/10.6084/m9.figshare.5479648.v1},
  doi =           {10.6084/m9.figshare.5479648.v1}
}
@CONFERENCE{Chastang2017e,
  author =        {Chastang, J. and Signell, R. and Fischer, J. L.},
  title =         {Reducing Time to Science: Unidata and {JupyterHub} Technology Using the {Jetstream} Cloud},
  booktitle =     {2017 AGU Fall Meeting},
  year =          {2017},
  address =       {New Orleans, Louisiana, USA},
  month =         {Dec.~11-15},
  note =          {See also http://science-gateway.unidata.ucar.edu},
  url =           {https://doi.org/10.6084/m9.figshare.5660128.v1},
  doi =           {10.6084/m9.figshare.5660128.v1}
}
@CONFERENCE{Chastang2018a,
  author =        {Chastang, J. and Signell, R. and Fischer, J. L.},
  title =         {A {Unidata} {JupyterHub} Server: An Online {PyAOS} Resource for Students and Educators},
  booktitle =     {97th AMS Annual Meeting},
  year =          {2018},
  address =       {Austin, Texas, USA},
  month =         {Jan.~22-26},
  note =          {See also http://science-gateway.unidata.ucar.edu},
  url =           {https://doi.org/10.6084/m9.figshare.5756643.v1},
  doi =           {10.6084/m9.figshare.5756643.v1}
}
