@inproceedings{chastang2024advancing,
  title        = {{Advancing Atmospheric Science Education: Customized PyAOS JupyterHubs via the Unidata Science Gateway}},
  author       = {Chastang, J. and Espinoza, A.},
  year         = 2024,
  month        = {28 Jan.--1 Feb.},
  booktitle    = {{Proceedings, 40th Conference on Environmental Information Processing Technologies, 104th AMS Annual Meeting}},
  address      = {Baltimore, Maryland, USA},
  doi          = {10.6084/m9.figshare.25251655.v1},
  url          = {https://doi.org/10.6084/m9.figshare.25251655.v1}
}
@misc{zonca2024softscaling,
  title        = {{Soft Scaling Kubernetes on Jetstream}},
  author       = {Zonca, Andrea},
  year         = 2024,
  month        = {Feb},
  day          = 2,
  howpublished = {\url{https://www.zonca.dev/posts/2024-02-02-soft-scaling-kubernetes-jetstream}}
}
@misc{lrosehub2024,
  title        = {{LROSE Science Gateway}},
  author       = {DeHart, Jen and Barbero, Tyler and Cha, Ting-Yu and Bell, Michael and Dixon, Mike and Dolan, Brenda},
  year         = 2024,
  note         = {Accessed: May 30, 2024},
  howpublished = {\url{https://github.com/nsf-lrose/lrose-hub}}
}
@inproceedings{boerner2023access,
  title        = {{ACCESS: Advancing Innovation: NSF's Advanced Cyberinfrastructure Coordination Ecosystem: Services \& Support}},
  author       = {Boerner, Timothy J. and Deems, Stephen and Furlani, Thomas R. and Knuth, Shelley L. and Towns, John},
  year         = 2023,
  month        = {July 23--27},
  booktitle    = {{In Practice and Experience in Advanced Research Computing (PEARC '23)}},
  location     = {Portland, OR, USA},
  publisher    = {Association for Computing Machinery},
  address      = {New York, NY, USA},
  pages        = {173--176},
  doi          = {10.1145/3569951.3597559},
  url          = {https://doi.org/10.1145/3569951.3597559}
}
@inproceedings{espinoza2023jupyterhub,
  title        = {{Deploying an Educational JupyterHub for Exploratory Data Analysis, Visualization, and Running Idealized Weather Models on the Jetstream2 Cloud}},
  author       = {Espinoza, A. and Chastang, J. and Blumberg, W. G.},
  year         = 2023,
  month        = {30 Oct.--1 Nov.},
  booktitle    = {Gateways 2023},
  address      = {Pittsburgh, PA, USA},
  doi          = {10.5281/zenodo.10034606},
  url          = {https://doi.org/10.5281/zenodo.10034606}
}
@software{bell2022lrosetopaz,
  title        = {{nsf-lrose/lrose-topaz: lrose-topaz-20220222}},
  author       = {Bell, Michael M.},
  year         = 2022,
  publisher    = {Zenodo},
  doi          = {10.5281/zenodo.6909479},
  url          = {https://doi.org/10.5281/zenodo.6909479},
  version      = {lrose-topaz-20220222}
}
@article{metpy,
  title        = {{MetPy: A Meteorological Python Library for Data Analysis and Visualization}},
  author       = {Ryan M. May and Kevin H. Goebbert and Jonathan E. Thielen and John R. Leeman and M. Drew Camron and Zachary Bruick and Eric C. Bruning and Russell P. Manser and Sean C. Arms and Patrick T. Marsh},
  year         = 2022,
  journal      = {{Bulletin of the American Meteorological Society}},
  publisher    = {American Meteorological Society},
  address      = {Boston MA, USA},
  volume       = 103,
  number       = 10,
  pages        = {E2273 - E2284},
  doi          = {10.1175/BAMS-D-21-0125.1},
  url          = {https://journals.ametsoc.org/view/journals/bams/103/10/BAMS-D-21-0125.1.xml}
}
@inproceedings{hancock2021jetstream2,
  title        = {{Jetstream2: Accelerating Cloud Computing via Jetstream}},
  author       = {Hancock, David Y. and Fischer, Jeremy and Lowe, John Michael and Snapp-Childs, Winona and Pierce, Marlon and Marru, Suresh and Coulter, J. Eric and Vaughn, Matthew and Beck, Brian and Merchant, Nirav and Skidmore, Edwin and Jacobs, Gwen},
  year         = 2021,
  booktitle    = {{Practice and Experience in Advanced Research Computing (PEARC '21)}},
  publisher    = {Association for Computing Machinery},
  address      = {New York, NY, USA},
  pages        = {1--8},
  doi          = {10.1145/3437359.3465565},
  url          = {https://doi.org/10.1145/3437359.3465565},
  article      = 11
}
@inproceedings{javornik2021lrose,
  title        = {{The LROSE Science Gateway: One-Stop Shop for Weather Data, Analysis, and Expert Advice}},
  author       = {Javornik, Brenda and Santiago III, Hector and DeHart, Jennifer C.},
  year         = 2021,
  booktitle    = {{Practice and Experience in Advanced Research Computing (PEARC '21)}},
  publisher    = {Association for Computing Machinery},
  address      = {New York, NY, USA},
  pages        = {1--6},
  doi          = {10.1145/3437359.3465595},
  url          = {https://doi.org/10.1145/3437359.3465595},
  article      = 25
}
@article{harris2020array,
  title        = {Array programming with {NumPy}},
  author       = {Charles R. Harris and K. Jarrod Millman and St{\'{e}}fan J. van der Walt and Ralf Gommers and Pauli Virtanen and David Cournapeau and Eric Wieser and Julian Taylor and Sebastian Berg and Nathaniel J. Smith and Robert Kern and Matti Picus and Stephan Hoyer and Marten H. van Kerkwijk and Matthew Brett and Allan Haldane and Jaime Fern{\'{a}}ndez del R{\'{i}}o and Mark Wiebe and Pearu Peterson and Pierre G{\'{e}}rard-Marchant and Kevin Sheppard and Tyler Reddy and Warren Weckesser and Hameer Abbasi and Christoph Gohlke and Travis E. Oliphant},
  year         = 2020,
  month        = sep,
  journal      = {Nature},
  publisher    = {Springer Science and Business Media {LLC}},
  volume       = 585,
  pages        = {357--362},
  doi          = {10.1038/s41586-020-2649-2},
  url          = {https://doi.org/10.1038/s41586-020-2649-2}
}
@software{lang2019csuradartools,
  title        = {{CSU-Radarmet/CSU_RadarTools: CSU_RadarTools v1.3}},
  author       = {Lang, Timothy and Dolan, Brenda and Guy, Nick and Gerlach, CAM and Hardin, Joseph},
  year         = 2019,
  month        = {Feb},
  publisher    = {Zenodo},
  doi          = {10.5281/zenodo.2562063},
  url          = {https://doi.org/10.5281/zenodo.2562063},
  version      = {v1.3}
}
@inproceedings{zonca2018jupyter,
  title        = {{Deploying Jupyter Notebooks at scale on XSEDE resources for Science Gateways and workshops}},
  author       = {Zonca, Andrea and Sinkovits, Robert S.},
  year         = 2018,
  booktitle    = {{Proceedings of the Practice and Experience on Advanced Research Computing (PEARC '18)}},
  publisher    = {Association for Computing Machinery},
  address      = {New York, NY, USA},
  pages        = {1--7},
  doi          = {10.1145/3219104.3219122},
  url          = {https://doi.org/10.1145/3219104.3219122},
  article      = 8
}
@software{chastang2017unidata,
  title        = {{Unidata Science Gateway}},
  author       = {Chastang, J. and Espinoza, A.},
  year         = 2017,
  publisher    = {GitHub},
  doi          = {10.5065/688s-2w73},
  url          = {https://github.com/Unidata/science-gateway}
}
@article{hoyer2017xarray,
  title        = {xarray: {N-D} labeled arrays and datasets in {Python}},
  author       = {Hoyer, S. and J. Hamman},
  year         = 2017,
  journal      = {{Journal of Open Research Software}},
  publisher    = {Ubiquity Press},
  volume       = 5,
  number       = 1,
  doi          = {10.5334/jors.148},
  url          = {https://doi.org/10.5334/jors.148}
}
@article{helmus2016pyart,
  title        = {{The Python ARM Radar Toolkit (Py-ART), a Library for Working with Weather Radar Data in the Python Programming Language}},
  author       = {Helmus, J.J. and Collis, S.M.},
  year         = 2016,
  journal      = {{Journal of Open Research Software}},
  volume       = 4,
  number       = 1,
  pages        = {e25},
  doi          = {10.5334/jors.119},
  url          = {https://doi.org/10.5334/jors.119}
}
@article{heistermann2015opensource,
  title        = {{The Emergence of Open-Source Software for the Weather Radar Community}},
  author       = {Heistermann, M. and Collis, S. and Dixon, M. J. and Giangrande, S. and Helmus, J. J. and Kelley, B. and Koistinen, J. and Michelson, D. B. and Peura, M. and Pfaff, T. and Wolff, D. B.},
  year         = 2015,
  journal      = {{Bulletin of the American Meteorological Society}},
  volume       = 96,
  number       = 1,
  pages        = {117--128},
  doi          = {10.1175/BAMS-D-13-00240.1},
  url          = {https://doi.org/10.1175/BAMS-D-13-00240.1}
}
@article{bell2012airsea,
  title        = {{Air-sea Enthalpy and Momentum Exchange at Major Hurricane Wind Speeds Observed during CBLAST}},
  author       = {Bell, M. M. and Montgomery, M. T. and Emanuel, K. A.},
  year         = 2012,
  journal      = {{Journal of the Atmospheric Sciences}},
  volume       = 69,
  number       = 11,
  pages        = {3197--3222},
  doi          = {10.1175/JAS-D-11-0276.1}
}
@article{hunter2007,
  title        = {{Matplotlib: A 2D graphics environment}},
  author       = {Hunter, J. D.},
  year         = 2007,
  journal      = {{Computing in Science \& Engineering}},
  publisher    = {IEEE COMPUTER SOC},
  volume       = 9,
  number       = 3,
  pages        = {90--95},
  doi          = {10.1109/MCSE.2007.55},
  abstract     = {Matplotlib is a 2D graphics package used for Python for application development, interactive scripting, and publication-quality image generation across user interfaces and operating systems.}
}
@article{vivekanandan1999cloud,
  title        = {{Cloud Microphysics Retrieval Using S-Band Dual-Polarization Radar Measurements}},
  author       = {Vivekanandan, J. and Zrnic, D. S. and Ellis, S. M. and Oye, R. and Ryzhkov, A. V. and Straka, J.},
  year         = 1999,
  journal      = {{Bulletin of the American Meteorological Society}},
  volume       = 80,
  number       = 3,
  pages        = {381--388},
  doi          = {10.1175/1520-0477(1999)080<0381:CMRUSB>2.0.CO;2}
}
@article{matejka1991improved,
  title        = {An Improved Version of the Extended Velocity-Azimuth Display Analysis of Single-Doppler Radar Data},
  author       = {Matejka, T. and Srivastava, R. C.},
  year         = 1991,
  journal      = {{Journal of Atmospheric and Oceanic Technology}},
  volume       = 8,
  number       = 4,
  pages        = {453--466},
  doi          = {10.1175/1520-0426(1991)008<0453:AIVOTE>2.0.CO;2}
}
@manual{cartopy2010,
  title        = {{Cartopy: a cartographic python library with a Matplotlib interface}},
  author       = {{Met Office}},
  year         = {2010 - 2015},
  address      = {Exeter, Devon},
  url          = {https://scitools.org.uk/cartopy}
}
@misc{lrosewiki,
  title        = {{Main Page}},
  note         = {Accessed: May 30, 2024},
  howpublished = {\url{http://wiki.lrose.net/index.php/Main_Page}}
}
@misc{lrosemain,
  title        = {{LROSE: The Lidar Radar Open Software Environment}},
  note         = {Accessed: May 30, 2024},
  howpublished = {\url{http://lrose.net}}
}
