% Encoding: UTF-8
@string{AMS = {American Meteorological Society}}
@misc{Chastang2017sciencegateway,
  author       = {Chastang, J. and Espinoza, A. and Ramamurthy, M. K.},
  title        = {{NSF Unidata Science Gateway}},
  year         = {2017},
  howpublished = {\url{https://science-gateway.unidata.ucar.edu/}},
  note         = {Accessed: 2025-07-03},
  doi          = {10.5065/688s-2w73},
  url          = {https://science-gateway.unidata.ucar.edu/}
}
@conference{Chastang2024pyaos,
  title        = {{Advancing Atmospheric Science Education: Customized PyAOS JupyterHubs via the Unidata Science Gateway}},
  author       = {Chastang, J. and Espinoza, A.},
  year         = 2024,
  month        = jan,
  booktitle    = {Proceedings, 40th Conference on Environmental Information Processing Technologies, 104th AMS Annual Meeting},
  address      = {Baltimore, Maryland, USA},
  doi          = {10.6084/m9.figshare.25251655.v1},
  url          = {https://doi.org/10.6084/m9.figshare.25251655.v1},
  note         = {See also https://science-gateway.unidata.ucar.edu},
  organization = {AMS}
}
@misc{Chastang2025clouddesktop,
  title        = {{Gateways 2025 Cloud Desktop Companion Repository}},
  author       = {Chastang, J. and Espinoza, A.},
  year         = 2025,
  url          = {https://github.com/julienchastang/gateways2025-cloud-desktop},
  note         = {Accessed: 2025-07-03},
  howpublished = {\url{https://github.com/julienchastang/gateways2025-cloud-desktop}}
}
@conference{Chastang2025unidata,
  title        = {{Expanding Access to Advanced Scientific Workflows: The NSF Unidata Science Gateway Leverages Innovative Capabilities of the NSF Jetstream2 Cloud for Atmospheric Science Education}},
  author       = {Chastang, J. and Espinoza, A.},
  year         = 2025,
  month        = {Jan 13--16},
  booktitle    = {Proceedings, 41th Conference on Environmental Information Processing Technologies, 105th AMS Annual Meeting},
  address      = {New Orleans, Louisiana, USA},
  url          = {https://ams.confex.com/ams/105ANNUAL/meetingapp.cgi/Paper/457067},
  note         = {See also https://science-gateway.unidata.ucar.edu},
  organization = {AMS}
}
@conference{DeHart2025lrosegateway,
  title        = {{Improved Accessibility and Community Knowledge of Lidar and Radar Data Analysis}},
  author       = {DeHart, J. and Espinoza, A. and Javornik, B. and Chastang, J.},
  year         = 2025,
  month        = {April 7--10},
  booktitle    = {Proceedings of the 2025 Improving Scientific Software Conference},
  address      = {Boulder, CO \& Virtual}
}
@inproceedings{DeHart2024lrosegateway,
  title        = {{A Lidar and Radar Meteorology Science Gateway for Education and Research on the NSF Jetstream2 Cloud}},
  author       = {DeHart, J. and Javornik, B. and Chastang, J. and Espinoza, A. and Dixon, M. and Bell, M.},
  year         = 2024,
  month        = {Oct 8--10},
  booktitle    = {Gateways 2024},
  location     = {Bozeman, Montana, USA},
  doi          = {10.5281/zenodo.13869914},
  url          = {https://doi.org/10.5281/zenodo.13869914}
}
@misc{Dixon2016lrose,
  title        = {{Lidar Radar Open Software Environment (LROSE) Core Software}},
  author       = {Dixon, Mike and Javornik, Brenda},
  year         = 2016,
  doi          = {10.5065/60HZ-RY38},
  url          = {https://doi.org/10.5065/60HZ-RY38},
  note         = {Accessed: July 3, 2025},
  howpublished = {\url{https://github.com/nsf-lrose/lrose-hub}}
}
@inproceedings{Fisher2016cloud,
  title        = {{Delivering Unidata Technology via the Cloud}},
  author       = {Fisher, Ward and Oxelson Ganter, Jennifer},
  year         = 2016,
  month        = apr,
  booktitle    = {{EGU General Assembly Conference Abstracts}},
  pages        = 9318,
  url          = {https://ui.adsabs.harvard.edu/abs/2016EGUGA..18.9318F},
  note         = {Abstract ID: EPSC2016-9318}
}
@inproceedings{Hancock2021jetstream2,
  title        = {{Jetstream2: Accelerating Cloud Computing via Jetstream}},
  author       = {Hancock, David Y. and Fischer, Jeremy and Lowe, John Michael and Snapp-Childs, Winona and Pierce, Marlon and Marru, Suresh and Coulter, J. Eric and Vaughn, Matthew and Beck, Brian and Merchant, Nirav and Skidmore, Edwin and Jacobs, Gwen},
  year         = 2021,
  booktitle    = {{Proceedings of the Practice and Experience in Advanced Research Computing (PEARC '21)}},
  publisher    = {Association for Computing Machinery},
  address      = {New York, NY, USA},
  pages        = {1--8},
  doi          = {10.1145/3437359.3465565},
  url          = {https://doi.org/10.1145/3437359.3465565},
  note         = {Article 11}
}
@misc{Jupyter2025vncproxy,
  title        = {{jupyter-remote-desktop-proxy: Run a Linux Desktop inside JupyterHub via VNC}},
  author       = {{Project Jupyter Contributors}},
  year         = 2025,
  url          = {https://github.com/jupyterhub/jupyter-remote-desktop-proxy},
  note         = {Accessed: 2025-07-03}
}
@misc{Jupyter2025z2jh,
  title        = {{Zero to JupyterHub with Kubernetes}},
  author       = {{Project Jupyter Contributors}},
  year         = 2025,
  url          = {https://z2jh.jupyter.org/},
  note         = {Accessed: 2025-07-03},
  organization = {Project Jupyter}
}
@conference{LROSE2025workshop,
  title        = {{2025 AMS LROSE Workshop}},
  author       = {Del Moral, A. and DeHart, J. and Javornik, B. and Cha, T.-Y. and DesRosiers, A. J. and Dixon, M. and Bell, M. M. and Lee, W.-C.},
  year         = 2025,
  month        = {Jan 13--16},
  address      = {New Orleans, Louisiana, USA},
  organization = {AMS}
}
@article{May2022metpy,
  title        = {{MetPy: A Meteorological Python Library for Data Analysis and Visualization}},
  author       = {Ryan M. May and Kevin H. Goebbert and Jonathan E. Thielen and John R. Leeman and M. Drew Camron and Zachary Bruick and Eric C. Bruning and Russell P. Manser and Sean C. Arms and Patrick T. Marsh},
  year         = 2022,
  journal      = {{Bulletin of the American Meteorological Society}},
  publisher    = {American Meteorological Society},
  address      = {Boston MA, USA},
  volume       = 103,
  number       = 10,
  pages        = {E2273--E2284},
  doi          = {10.1175/BAMS-D-21-0125.1},
  url          = {https://journals.ametsoc.org/view/journals/bams/103/10/BAMS-D-21-0125.1.xml}
}
@misc{Meyer2024awips,
  title        = {{NSF Unidata AWIPS: Advanced Weather Interactive Processing System}},
  author       = {Meyer, Tiffany and Carter, Shay and James, Michael},
  year         = 2024,
  address      = {Boulder, Colorado, USA},
  url          = {https://www.unidata.ucar.edu/software/awips2/},
  note         = {Accessed: 2024-06-13},
  organization = {UCAR/NSF Unidata Program Center}
}
@misc{Murray1997idv,
  title        = {{Unidata Integrated Data Viewer (IDV)}},
  author       = {Murray, D. and McWhirter, J. and Weir, S. and Ho, Y. and Chastang, J.},
  year         = 1997,
  doi          = {10.5065/D6RN35XM},
  url          = {https://doi.org/10.5065/D6RN35XM},
  organization = {UCAR/NSF Unidata Program Center}
}
@misc{OpenStack2025magnum,
  title        = {{OpenStack Magnum: Container Infrastructure Management Service}},
  author       = {{OpenStack Magnum Developers}},
  year         = 2025,
  url          = {https://opendev.org/openstack/magnum},
  note         = {Accessed: 2025-07-03}
}
@misc{Unidata2025magnumworkflow,
  title        = {{Deploying a JupyterHub Using OpenStack Magnum}},
  author       = {{Unidata Science Gateway Team}},
  year         = 2025,
  url          = {https://github.com/Unidata/science-gateway/blob/master/openstack/magnum-workflow.md},
  note         = {Accessed: 2025-07-03. Deployment guide for Kubernetes clusters and JupyterHub using OpenStack Magnum on Jetstream2}
}
@misc{Zonca2023kubespray,
  title        = {{Deploy Kubernetes on Jetstream 2 with Kubespray 2.21.0}},
  author       = {Andrea Zonca},
  year         = 2023,
  url          = {https://www.zonca.dev/posts/2023-07-19-jetstream2_kubernetes_kubespray},
  note         = {Published June 19, 2023. Supported by Indiana University and cross-posted on Jetstream2 official documentation}
}
@misc{Zonca2024magnum,
  title        = {{Deploy Kubernetes and JupyterHub on Jetstream with Magnum and Cluster API}},
  author       = {Andrea Zonca},
  year         = 2024,
  url          = {https://www.zonca.dev/posts/2024-12-11-jetstream_kubernetes_magnum},
  note         = {Published December 11, 2024. Updated April 14, 2025. Includes instructions for Magnum-based Kubernetes clusters and JupyterHub deployment on Jetstream2}
}
